<marcxml:record xmlns:xlink="http://www.w3.org/1999/xlink" xmlns:marcxml="http://www.loc.gov/MARC21/slim" xmlns:mets="http://www.loc.gov/METS/" xmlns:mxe="http://www.loc.gov/mxe" xmlns:rdf="http://www.w3.org/1999/02/22-rdf-syntax-ns#" xmlns:rdfs="http://www.w3.org/2000/01/rdf-schema#" xmlns:skos="http://www.w3.org/2004/02/skos/core#" xmlns:madsrdf="http://www.loc.gov/mads/rdf/v1#" xmlns:ri="http://id.loc.gov/ontologies/RecordInfo#" xmlns:sem="http://marklogic.com/semantics">
  <marcxml:leader>00862nz  a2200157n  4500</marcxml:leader>
  <marcxml:controlfield tag="001">no2011030075</marcxml:controlfield>
  <marcxml:controlfield tag="003">DLC</marcxml:controlfield>
  <marcxml:controlfield tag="005">20110227075107.0</marcxml:controlfield>
  <marcxml:controlfield tag="008">110225n| acannaabn          |a ana     c</marcxml:controlfield>
  <marcxml:datafield tag="010" ind1=" " ind2=" ">
    <marcxml:subfield code="a">no2011030075</marcxml:subfield>
  </marcxml:datafield>
  <marcxml:datafield tag="035" ind1=" " ind2=" ">
    <marcxml:subfield code="a">(OCoLC)oca08778945</marcxml:subfield>
  </marcxml:datafield>
  <marcxml:datafield tag="040" ind1=" " ind2=" ">
    <marcxml:subfield code="a">GEU</marcxml:subfield>
    <marcxml:subfield code="b">eng</marcxml:subfield>
    <marcxml:subfield code="c">GEU</marcxml:subfield>
  </marcxml:datafield>
  <marcxml:datafield tag="110" ind1="2" ind2=" ">
    <marcxml:subfield code="a">Villa Cimbrone (Ravello, Italy)</marcxml:subfield>
  </marcxml:datafield>
  <marcxml:datafield tag="510" ind1="2" ind2=" ">
    <marcxml:subfield code="a">Monastero Santa Chiara (Bologna, Italy)</marcxml:subfield>
  </marcxml:datafield>
  <marcxml:datafield tag="670" ind1=" " ind2=" ">
    <marcxml:subfield code="a">A book of secrets, 2010:</marcxml:subfield>
    <marcxml:subfield code="b">t.p. (Villa Cimbrone)</marcxml:subfield>
  </marcxml:datafield>
  <marcxml:datafield tag="670" ind1=" " ind2=" ">
    <marcxml:subfield code="a">Wikipedia, Feb. 25, 2011:</marcxml:subfield>
    <marcxml:subfield code="b">(Villa Cimbrone; earliest references to the villa date back to the eleventh century AD, when the villa belonged the Accongiogioco, a noble family.  At a later stage in its history the villa became part of the nearby monastery of Santa Chiara. From the seventeenth century the villa's history is uncertain, but by the second half of the nineteenth century the villa had passed to the Amici family of Atrani.)</marcxml:subfield>
  </marcxml:datafield>
</marcxml:record>
